01REMESSA01COBRANCA       33333334892001304444TESTE QUALQUER LTDA           033SANTANDER      1507150000000000000000                                                                                                                                                                                                                                                                                   000000001
1021212312300010133333334892001304444000000000000000000222222000022659000000 00000000000000000000    000000501000000000120071500000000012340330123401N150715080000000000000000000000000000000000000000000000000000000000000212321321000112TESTE OK (TESTE PARA HOMOLOGACAO)       RUA TESTE XXX                           JARDIM Y    12345678SAO PAULO      SP                               I78      00 000002
1021212312300010133333334892001304444000000000000000000222222000022667000000 00000000000000000000    000000501000000000225071500000000123450330123401N150715080000000000000000000000000000000000000000000000000000000000000212321321000112TESTE OK (TESTE PARA HOMOLOGACAO)       RUA TESTE XXX                           JARDIM Y    12345678SAO PAULO      SP                               I78      00 000003
1021212312300010133333334892001304444000000000000000000222222000022675000000 40200000000000000000    000000501000000000330071500000002345670330123401N150715000000000000000780000000000000000000000000000000000000000000000212321321000112TESTE OK (TESTE PARA HOMOLOGACAO)       RUA TESTE XXX                           JARDIM Y    12345678SAO PAULO      SP                               I78      00 000004
1021212312300010133333334892001304444000000000000000000222222000022683000000 40200000000000000000    000000501000000000404081500000003456780330123401N150715060000000000001150000000000000000000000000000000000000000000000212321321000112TESTE OK (TESTE PARA HOMOLOGACAO)       RUA TESTE XXX                           JARDIM Y    12345678SAO PAULO      SP                               I78      15 000005
1021212312300010133333334892001304444000000000000000000222222000022691000000 00000000000000000000    000000501000000000509081500000000042540330123401N150715060800000000000000000000000000000000000000000000000000000000000212321321000112TESTE OK (TESTE PARA HOMOLOGACAO)       RUA TESTE XXX                           JARDIM Y    12345678SAO PAULO      SP                               I78      15 000006
9000007000000059807800000000000000000000000000000000000000000000000000000000000000000000000000000000000000000000000000000000000000000000000000000000000000000000000000000000000000000000000000000000000000000000000000000000000000000000000000000000000000000000000000000000000000000000000000000000000000000000000000000000000000000000000000000000000000000000000000000000000000000000000000000000000000000007
