02RETORNO01COBRANCA       626000016073        VIACORTE IND COM OXIC ACOS L  341BANCO ITAU S.A.02031501600BPI00001020315                                                                                                                                                                                                                                                                                   000001
10208539790000190626000016073        1                        00002263            109000022630             I020203152263      00002263            070315000000000123434100414  000000000035000000000000000000000000000000000000000000000000000000000000000000000000000000000000000000000000000000000         00000000000000000000000VIA CORTE INDUSTRIA E COMERCIO                                        000002
10208539790000190626000016073        2                        00002264            109000022648             I020203152264      00002264            120315000000001234534100414  000000000035000000000000000000000000000000000000000000000000000000000000000000000000000000000000000000000000000000000         00000000000000000000000VIA CORTE INDUSTRIA E COMERCIO                                        000003
10208539790000190626000016073        3                        00002265            109000022655             I020203152265      00002265            170315000000023456734100414  000000000035000000000000000000000000000000000000000000000000000000000000000000000000000000000000000000000000000000000         00000000000000000000000VIA CORTE INDUSTRIA E COMERCIO                                        000004
10208539790000190626000016073        4                        00002266            109000022663             I020203152266      00002266            220315000000034567834100414  000000000035000000000000000000000000000000000000000000000000000000000000000000000000000000000000000000000000000000000         00000000000000000000000VIA CORTE INDUSTRIA E COMERCIO                                        000005
10208539790000190626000016073        5                        00002267            109000022671             I020203152267      00002267            270315000000000425434100414  000000000035000000000000000000000000000000000000000000000000000000000000000000000000000000000000000000000000000000000         00000000000000000000000VIA CORTE INDUSTRIA E COMERCIO                                        000006
9201341          000000000000000000000000000000          000000000000000000000000000000                                                  000000000000000000000000000000          0000000500000000598078  02/03S000010000000500000000598078                                                                                                                                                                000007
